<?xml version="1.0" encoding="UTF-8"?>
<collection xmlns:xsi="http://www.w3.org/2001/XMLSchema-instance" xsi:schemaLocation="http://www.loc.gov/MARC21/slim http://www.loc.gov/standards/marcxml/schema/MARC21slim.xsd" xmlns="http://www.loc.gov/MARC21/slim">
<record>
  <leader>00894cam a2200217K  4500</leader>
  <controlfield tag="001">5367601</controlfield>
  <controlfield tag="003">NNC</controlfield>
  <controlfield tag="005">20121019000542.0</controlfield>
  <controlfield tag="008">880917s1966    iq            000 0 arard</controlfield>
  <datafield tag="035" ind1=" " ind2=" ">
    <subfield code="a">(OCoLC)ocm18496112</subfield>
  </datafield>
  <datafield tag="035" ind1=" " ind2=" ">
    <subfield code="a">(NNC)5367601</subfield>
  </datafield>
  <datafield tag="040" ind1=" " ind2=" ">
    <subfield code="a">CUY</subfield>
    <subfield code="c">CUY</subfield>
    <subfield code="d">ZCU</subfield>
  </datafield>
  <datafield tag="099" ind1=" " ind2=" ">
    <subfield code="a">956</subfield>
    <subfield code="a">Ir27 v.14</subfield>
  </datafield>
  <datafield tag="100" ind1="1" ind2=" ">
    <subfield code="a">Baṣrī, ʻAbd al-Jabbār Dāwūd.</subfield>
  </datafield>
  <datafield tag="245" ind1="1" ind2="0">
    <subfield code="a">Badr Shākir al-Sayyāb</subfield>
    <subfield code="b">rāʾid al-shiʻr al-ḥurr,</subfield>
    <subfield code="c">taʾlīf ʻAbd al-Jabbār Dāwūd al-Baṣri</subfield>
  </datafield>
  <datafield tag="260" ind1=" " ind2=" ">
    <subfield code="a">Baghdād,</subfield>
    <subfield code="b">Dār al-Jumhūrīyah,</subfield>
    <subfield code="c">1966.</subfield>
  </datafield>
  <datafield tag="300" ind1=" " ind2=" ">
    <subfield code="a">106 p.</subfield>
  </datafield>
  <datafield tag="490" ind1="1" ind2=" ">
    <subfield code="a">Wizārat al-thaqāfah wa-al-ʾirshād, mudīrīyat al-thaqāfah al-ʻāmmah. Silsilat al-kutub al-ḥadīthah ;</subfield>
    <subfield code="v">14</subfield>
  </datafield>
  <datafield tag="600" ind1="1" ind2="0">
    <subfield code="a">Sayyāb, Badr Shākir,</subfield>
    <subfield code="d">1926-1964.</subfield>
  </datafield>
  <datafield tag="830" ind1=" " ind2="0">
    <subfield code="a">Wizārat al-thaqāfah wa-al-ʼirshād, mudīrīyat al-thaqāfah al-ʻāmmah. Silsilat al-kutub al-ḥadīthah ;</subfield>
    <subfield code="v">14.</subfield>
  </datafield>
  <datafield tag="955" ind1=" " ind2=" ">
    <subfield code="b">0026812533</subfield>
    <subfield code="d">glx</subfield>
    <subfield code="e">956 Ir27 v.14</subfield>
  </datafield>
</record>
</collection>